
@inproceedings{frings2009scalable,
  title={Scalable massively parallel I/O to task-local files},
  author={Frings, Wolfgang and Wolf, Felix and Petkov, Ventsislav},
  booktitle={High Performance Computing Networking, Storage and Analysis, Proceedings of the Conference on},
  pages={1--11},
  year={2009},
  organization={IEEE}
}
@article{hdf2010hierarchical,
  title={Hierarchical data format version 5, 2000-2010},
  author={HDF Group and others},
  journal={URL: http://www. hdfgroup. org/HDF5},
  year={2010}
}

@inproceedings{Plesser07, 
  author =       {Hans Ekkehard Plesser and Jochen Martin Eppler and
                  Abigail Morrison and Markus Diesmann and Marc-Oliver
                  Gewaltig},
  title =        {Efficient Parallel Simulation of Large-Scale
                  Neuronal Networks on Clusters of Multiprocessor
                  Computers},
  booktitle =    {Euro-Par 2007: Parallel Processing},
  year =         2007,
  editor =       {A.-M. Kermarrec and L. Boug{\'e} and T. Priol},
  volume =       4641,
  series =       {Lecture Notes in Computer Science},
  pages =        {672--681},
  address =      {Berlin},
  publisher =    {Springer-Verlag},
  cat =          {C},
  reprint =      {Ples_2007_672.pdf},
  url =          {http://www.springerlink.com/content/rw27162113p7l685/?p=4833bc44d6c9442caae5202ec82d4911&pi=70} 
}

@article{NEST, 
  author =       {Gewaltig, Marc-Oliver and Diesmann, Markus},
  title =        {{NEST} ({NE}ural {S}imulation {T}ool)},
  journal =      {Scholarpedia},
  year =         2007,
  volume =       2,
  pages =        1430,
  number =       4,
  lastdatemodified ={2011-01-31},
  lastname =     {Gewaltig},
  own =          {notown},
  read =         {notread} 
}
